@article{ref1,
	author = "O. Ezeu",
	title = "Districts  in kampala",
	year= "2009",
	url{https://en.wikipedia.org/wiki/Districts_of_Uganda}
}
